
@book{rudin_real_1987,
	series = {Mathematics series},
	title = {Real and {Complex} {Analysis}},
	isbn = {978-0-07-100276-9},
	url = {https://books.google.fi/books?id=NmW7QgAACAAJ},
	publisher = {McGraw-Hill},
	author = {Rudin, W.},
	year = {1987},
	lccn = {86000007},
}

@book{axler_measure_2019,
	series = {Graduate {Texts} in {Mathematics}},
	title = {Measure, {Integration} \& {Real} {Analysis}},
	isbn = {978-3-030-33143-6},
	url = {https://books.google.fi/books?id=DQ3BDwAAQBAJ},
	publisher = {Springer International Publishing},
	author = {Axler, S.},
	year = {2019},
}
